@misc{ wiki:dbc,
author = "Wikipedia",
title = "Design by Contract --- Wikipedia{,} The Free Encyclopedia",
year = "2009",
url = "\url{https://en.wikipedia.org/w/index.php?title=Design_by_Contract&oldid=290580136}",
note = "[Online; accessed 16-November-2015]"
}

@inproceedings{dafny1,
  author    = {K. Rustan M. Leino},
  title     = {Dafny: An Automatic Program Verifier for Functional Correctness},
  booktitle = {Logic for Programming, Artificial Intelligence, and Reasoning - 16th
               International Conference, LPAR-16, Dakar, Senegal, April 25-May 1,
               2010, Revised Selected Papers},
  pages     = {348--370},
  year      = {2010},
  crossref  = {DBLP:conf/lpar/2010d},
  url       = {http://dx.doi.org/10.1007/978-3-642-17511-4_20},
  doi       = {10.1007/978-3-642-17511-4_20},
  timestamp = {Thu, 23 Dec 2010 12:42:49 +0100},
  biburl    = {http://dblp.uni-trier.de/rec/bib/conf/lpar/Leino10},
  bibsource = {dblp computer science bibliography, http://dblp.org}
}
